<record><leader>00000cas a2200000 a 4500</leader><controlfield tag="001">21182860</controlfield><controlfield tag="008">900307d19841985iluwr ne      0   a0eng c</controlfield><datafield ind1=" " ind2=" " tag="010"><subfield code="a">sn 90054497 </subfield></datafield><datafield ind1=" " ind2=" " tag="040"><subfield code="a">NVF</subfield><subfield code="b">eng</subfield><subfield code="c">NVF</subfield><subfield code="d">NVF</subfield><subfield code="d">OCLCQ</subfield><subfield code="d">OCLCF</subfield><subfield code="d">OCLCO</subfield><subfield code="d">NVF</subfield></datafield><datafield ind1=" " ind2=" " tag="042"><subfield code="a">pcc</subfield></datafield><datafield ind1=" " ind2=" " tag="043"><subfield code="a">n-us-il</subfield></datafield><datafield ind1="0" ind2=" " tag="130"><subfield code="a">Saybrook gazette and Arrowsmith news (Saybrook, Ill. : 1984)</subfield></datafield><datafield ind1="1" ind2="4" tag="245"><subfield code="a">The Saybrook gazette and Arrowsmith news.</subfield></datafield><datafield ind1=" " ind2=" " tag="260"><subfield code="a">Saybrook, Ill. :</subfield><subfield code="b">Central Illinois Press,</subfield><subfield code="c">1984-1985.</subfield></datafield><datafield ind1=" " ind2=" " tag="300"><subfield code="a">volumes</subfield></datafield><datafield ind1=" " ind2=" " tag="310"><subfield code="a">Weekly</subfield></datafield><datafield ind1="0" ind2=" " tag="362"><subfield code="a">Vol. 1, no. 1 (Apr. 12, 1984)-v. 1, no. 37 (Dec. 20, 1984) ; 89th year, 1st issue (Jan. 3, 1985)-89th year, 39th issue (Sept. 26, 1985).</subfield></datafield><datafield ind1=" " ind2="0" tag="651"><subfield code="a">Saybrook (Ill.)</subfield><subfield code="v">Newspapers.</subfield></datafield><datafield ind1=" " ind2="0" tag="651"><subfield code="a">Arrowsmith (Ill.)</subfield><subfield code="v">Newspapers.</subfield></datafield><datafield ind1=" " ind2="7" tag="651"><subfield code="a">Illinois</subfield><subfield code="z">Arrowsmith.</subfield><subfield code="2">fast</subfield><subfield code="0">(OCoLC)fst01306442</subfield></datafield><datafield ind1=" " ind2="7" tag="651"><subfield code="a">Illinois</subfield><subfield code="z">Saybrook.</subfield><subfield code="2">fast</subfield><subfield code="0">(OCoLC)fst01875073</subfield></datafield><datafield ind1=" " ind2="7" tag="655"><subfield code="a">Newspapers.</subfield><subfield code="2">fast</subfield><subfield code="0">(OCoLC)fst01423814</subfield></datafield><datafield ind1=" " ind2=" " tag="752"><subfield code="a">United States</subfield><subfield code="b">Illinois</subfield><subfield code="c">McLean County</subfield><subfield code="d">Saybrook.</subfield></datafield><datafield ind1="0" ind2="1" tag="780"><subfield code="t">Farmer City journal Saybrook gazette and Arrowsmith news</subfield><subfield code="w">(DLC)sn 90054540</subfield><subfield code="w">(OCoLC)21730588</subfield></datafield><datafield ind1="0" ind2="4" tag="785"><subfield code="t">Farmer City journal (Farmer City, Ill. : 1984)</subfield><subfield code="w">(DLC)sn 90054545</subfield><subfield code="w">(OCoLC)21730703</subfield></datafield><datafield ind1="1" ind2=" " tag="029"><subfield code="a">AU@</subfield><subfield code="b">000020608013</subfield></datafield></record>